@book{albon_2018,
    place     = {Sebastopol, CA},
    title     = {Machine learning with Python cookbook: practical solutions from preprocessing to deep learning},
    publisher = {OReilly},
    author    = {Albon, Chris},
    year      = {2018}
}

@misc{ihme,
    title={IHME: COVID-19 Projections},
    url={https://covid19.healthdata.org/united-states-of-america},
    journal={Institute for Health Metrics and Evaluation}
}

@misc{cssegisanddata_2020,
    title={CSSEGISandData/COVID-19},
    url={https://github.com/CSSEGISandData/COVID-19},
    journal={GitHub}, 
    author={CSSEGISandData},
    year={2020},
    month={Apr}
}

@misc{holly_secon_2020, 
    title={A comprehensive timeline of the new coronavirus pandemic, from China's first COVID-19 case to the present}, 
    url={https://www.businessinsider.com/coronavirus-pandemic-timeline-history-major-events-2020-3#february-19-an-outbreak-of-the-novel-coronavirus-began-in-iran-17}, 
    journal={Business Insider}, 
    publisher={Business Insider}, 
    author={Holly Secon, Aylin Woodward}, 
    year={2020}, 
    month={Apr}
}

@misc{perper_2020, 
    title={Australia and New Zealand have been able to keep their number of coronavirus cases low thanks to early lockdown efforts. Experts say it's 'probably too late' for other countries to learn from them.}, 
    url={https://www.businessinsider.com/experts-australia-new-zealand-examples-how-to-slow-coronavirus-2020-4}, 
    journal={Business Insider}, 
    publisher={Business Insider}, 
    author={Perper, Rosie}, 
    year={2020}, 
    month={Apr}
}

@misc{thebrazilianreport, 
    title={Covid-19 in Brazil - Live blog}, 
    url={https://brazilian.report/coronavirus-brazil-live-blog/}, 
    journal={The Brazilian Report}
}

@misc{knoetze_2020, 
    title={Police kill three people in three days of lockdown. This is normal for South Africa}, 
    url={https://www.groundup.org.za/article/police-kill-three-people-three-days-lockdown-normal-south-africa-data-reveals/}, 
    journal={GroundUp News}, 
    author={Knoetze, Daneel}, 
    year={2020}, 
    month={Apr}
}

@misc{savage_2020, 
    title={Coronavirus: Has Sweden got its science right?}, 
    url={https://www.bbc.com/news/world-europe-52395866},
    journal={BBC News}, 
    publisher={BBC}, 
    author={Savage, Maddy}, 
    year={2020},
    month={Apr}
 }

 @misc{staff_2020, 
    title={Coronavirus in the US: Latest COVID-19 news and case counts}, 
    url={https://www.livescience.com/coronavirus-updates-united-states.html}, 
    journal={LiveScience}, 
    publisher={Purch}, 
    author={Staff, Live Science}, 
    year={2020}, 
    month={Apr}
 }

@misc{aubrey_2020, 
    title={Can Coronavirus Be Crushed By Warmer Weather?}, 
    url={https://www.npr.org/sections/goatsandsoda/2020/02/12/805256402/can-coronavirus-be-crushed-by-warmer-weather}, 
    journal={NPR}, 
    publisher={NPR}, 
    author={Aubrey, Allison}, 
    year={2020}, 
    month={Feb}
}